@book{Bayer2008,
  author = {Tomáš Bayer},
  title = {Algoritmy v digitální kartografii},
  publisher = {Karolinum},
  address = {Praha},
  year = {2008},
  edition = {2008},
  isbn = {978-80-246-1499-1},
}

@misc{cuzk,
  author       = {Český úřad zeměměřický a katastrální},
  title        = {Geoportál ČÚZK},
  year         = {2024},
  howpublished = {\url{https://geoportal.cuzk.cz/}},
  note         = {Přístup: květen 2025}
}
