@book{Bayer2008,
  author = {Tomáš Bayer},
  title = {Algoritmy v digitální kartografii},
  publisher = {Karolinum},
  address = {Praha},
  year = {2008},
  edition = {2008},
  isbn = {978-80-246-1499-1},
}

@misc{liu2025shapelib,
  author = {Zhihao Liu},
  title = {Shapelib pro C++},
  year = {2025},
  howpublished = {\url{https://github.com/zhihao-liu/shapefile-viewer-qt/tree/master/shapelib}},
  note = {Přístup k 2025-03-16}
}

@misc{shapelib,
  author = {Frank Warmerdam},
  title = {Shapelib},
  year = {1999-2002},
  howpublished = {\url{http://shapelib.maptools.org/}},
  note = {Přístup k 2025-03-16}
}